% Use this file for citations not found in the ACL Anthology (contained in "anthology.bib").


@inproceedings{andrew2007scalable,
  title={Scalable training of {L1}-regularized log-linear models},
  author={Andrew, Galen and Gao, Jianfeng},
  booktitle={Proceedings of the 24th International Conference on Machine Learning},
  pages={33--40},
  year={2007},
}

@article{rasooli-tetrault-2015,
    author    = {Mohammad Sadegh Rasooli and Joel R. Tetreault},
    title     = {Yara Parser: {A} Fast and Accurate Dependency Parser},
    journal   = {Computing Research Repository},
    volume    = {arXiv:1503.06733},
    year      = {2015},
    url       = {http://arxiv.org/abs/1503.06733},
    note    = {version 2}
}

@article{DBLP:journals/corr/abs-2012-10289,
  author    = {Binny Mathew and
               Punyajoy Saha and
               Seid Muhie Yimam and
               Chris Biemann and
               Pawan Goyal and
               Animesh Mukherjee},
  title     = {HateXplain: {A} Benchmark Dataset for Explainable Hate Speech Detection},
  journal   = {CoRR},
  volume    = {abs/2012.10289},
  year      = {2020},
  url       = {https://arxiv.org/abs/2012.10289},
  eprinttype = {arXiv},
  eprint    = {2012.10289},
  timestamp = {Thu, 24 Jun 2021 13:18:19 +0200},
  biburl    = {https://dblp.org/rec/journals/corr/abs-2012-10289.bib},
  bibsource = {dblp computer science bibliography, https://dblp.org}
}


% @article{Mathew-Animesh-2020,
%     author    = {Mathew, Binny and Saha, Punyajoy and Yimam, Seid Muhie and Biemann, Chris and Goyal, Pawan and Mukherjee, Animesh},
%     title     = {HateXplain: A Benchmark Dataset for Explainable Hate Speech Detection},
%     volume    = {arXiv:2012.10289},
%     year      = {2020},
%     url       = {https://arxiv.org/abs/2012.10289}
% }

% @misc{hadly_2021,title={Wallstreetbets is America&nbsp;}, url={https://www.vox.com/the-goods/22264303/wallstreetbets-reddit-gamestop-stocks-language-community}, journal={Vox}, publisher={Vox}, author={Hadly, Christina}, year={2021}, month={Feb}} 

% @misc{harwell_2021, title={Lonely, angry, eager to make history: Online mobs are likely to remain a dangerous reality}, url={https://www.washingtonpost.com/technology/2021/02/17/online-mobs-wallstreetbets-qanon/}, journal={The Washington Post}, publisher={WP Company}, author={Harwell, Drew}, year={2021}, month={Feb}} 

% @misc{kaggle, title={Toxic comment classification challenge},
% url={https://www.kaggle.com/c/jigsaw-toxic-comment-classification-challenge},
% journal={Kaggle}} 

% @inbook{10.1145/3366424.3382091,
% author = {Almerekhi, Hind and Jansen, Supervised by Bernard J. and Kwak, co-supervised by Haewoon},
% title = {Investigating Toxicity Across Multiple Reddit Communities, Users, and Moderators},
% year = {2020},
% isbn = {9781450370240},
% publisher = {Association for Computing Machinery},
% address = {New York, NY, USA},
% url = {https://doi.org/10.1145/3366424.3382091},
% booktitle = {Companion Proceedings of the Web Conference 2020},
% pages = {294–298},
% numpages = {5}
% }

% @misc{perspective, title={Developers}, url={https://developers.perspectiveapi.com/s/about-the-api-attributes-and-languages}, journal={Perspective}} 

% @misc{https://doi.org/10.48550/arxiv.2109.06827,
%   doi = {10.48550/ARXIV.2109.06827},
  
%   url = {https://arxiv.org/abs/2109.06827},
  
%   author = {Arora, Udit and Huang, William and He, He},
  
%   keywords = {Computation and Language (cs.CL), Machine Learning (cs.LG), FOS: Computer and information sciences, FOS: Computer and information sciences},
  
%   title = {Types of Out-of-Distribution Texts and How to Detect Them},
  
%   publisher = {arXiv},
  
%   year = {2021},
  
%   copyright = {Creative Commons Attribution 4.0 International}
% }

% @misc{unitary/unbiased-toxic-roberta · hugging face, title={Unitary/unbiased-toxic-roberta · hugging face}, url={https://huggingface.co/unitary/unbiased-toxic-roberta}, journal={unitary/unbiased-toxic-roberta · Hugging Face}} 

% @misc{mcenery_2021, title={Wallstreetbets is dying, long live the wallstreetbets movement}, url={https://www.marketwatch.com/story/wallstreetbets-is-dying-long-live-the-wallstreetbets-movement-11624714750}, journal={MarketWatch}, publisher={MarketWatch}, author={McEnery, Thornton}, year={2021}, month={Jun}}

% @misc{narrativaai/deberta-v3-small-finetuned-hate_speech18 · hugging face, title={Narrativaai/deberta-V3-small-finetuned-hate_speech18 · hugging face}, url={https://huggingface.co/Narrativaai/deberta-v3-small-finetuned-hate_speech18}, journal={Narrativaai/deberta-v3-small-finetuned-hate_speech18 · Hugging Face}} 

% @inproceedings{pavlopoulos2020,
%     title = "Toxicity Detection: Does Context Really Matter?",
%     author = "Pavlopoulos, John  and
%       Sorensen, Jeffrey  and
%       Dixon, Lucas  and
%       Thain, Nithum  and
%       Androutsopoulos, Ion",
%     booktitle = "Proceedings of the 58th Annual Meeting of the Association for Computational Linguistics",
%     month = jul,
%     year = "2020",
%     address = "Online",
%     publisher = "Association for Computational Linguistics",
%     url = "https://aclanthology.org/2020.acl-main.396",
%     doi = "10.18653/v1/2020.acl-main.396",
%     pages = "4296--4305",
% }

% @misc{vice, title={You probably shouldn't bet your savings on Reddit's 'Wallstreetbets'}, url={https://www.vice.com/en/article/nedzqm/you-probably-shouldnt-bet-your-savings-on-reddits-wallstreetbets}, journal={VICE}} 


% =====================================================
% yp2201 references

% @inproceedings{gehman-etal-2020-realtoxicityprompts,
%     title = "{R}eal{T}oxicity{P}rompts: Evaluating Neural Toxic Degeneration in Language Models",
%     author = "Gehman, Samuel  and
%       Gururangan, Suchin  and
%       Sap, Maarten  and
%       Choi, Yejin  and
%       Smith, Noah A.",
%     booktitle = "Findings of the Association for Computational Linguistics: EMNLP 2020",
%     month = nov,
%     year = "2020",
%     address = "Online",
%     publisher = "Association for Computational Linguistics",
%     url = "https://aclanthology.org/2020.findings-emnlp.301",
%     doi = "10.18653/v1/2020.findings-emnlp.301",
%     pages = "3356--3369",
% }

% @inproceedings{zhou-etal-2021-challenges,
%     title = "Challenges in Automated Debiasing for Toxic Language Detection",
%     author = "Zhou, Xuhui  and
%       Sap, Maarten  and
%       Swayamdipta, Swabha  and
%       Choi, Yejin  and
%       Smith, Noah",
%     booktitle = "Proceedings of the 16th Conference of the European Chapter of the Association for Computational Linguistics: Main Volume",
%     month = apr,
%     year = "2021",
%     address = "Online",
%     publisher = "Association for Computational Linguistics",
%     url = "https://aclanthology.org/2021.eacl-main.274",
%     doi = "10.18653/v1/2021.eacl-main.274",
%     pages = "3143--3155",
% }

% @inproceedings{baheti-etal-2021-just,
%     title = "Just Say No: Analyzing the Stance of Neural Dialogue Generation in Offensive Contexts",
%     author = "Baheti, Ashutosh  and
%       Sap, Maarten  and
%       Ritter, Alan  and
%       Riedl, Mark",
%     booktitle = "Proceedings of the 2021 Conference on Empirical Methods in Natural Language Processing",
%     month = nov,
%     year = "2021",
%     address = "Online and Punta Cana, Dominican Republic",
%     publisher = "Association for Computational Linguistics",
%     url = "https://aclanthology.org/2021.emnlp-main.397",
%     doi = "10.18653/v1/2021.emnlp-main.397",
%     pages = "4846--4862",
% }

% @inproceedings{NEURIPS2020_1457c0d6,
% 	author = {Brown, Tom and Mann, Benjamin and Ryder, Nick and Subbiah, Melanie and Kaplan, Jared D and Dhariwal, Prafulla and Neelakantan, Arvind and Shyam, Pranav and Sastry, Girish and Askell, Amanda and Agarwal, Sandhini and Herbert-Voss, Ariel and Krueger, Gretchen and Henighan, Tom and Child, Rewon and Ramesh, Aditya and Ziegler, Daniel and Wu, Jeffrey and Winter, Clemens and Hesse, Chris and Chen, Mark and Sigler, Eric and Litwin, Mateusz and Gray, Scott and Chess, Benjamin and Clark, Jack and Berner, Christopher and McCandlish, Sam and Radford, Alec and Sutskever, Ilya and Amodei, Dario},
% 	booktitle = {Advances in Neural Information Processing Systems},
% 	editor = {H. Larochelle and M. Ranzato and R. Hadsell and M.F. Balcan and H. Lin},
% 	pages = {1877--1901},
% 	publisher = {Curran Associates, Inc.},
% 	title = {Language Models are Few-Shot Learners},
% 	url = {https://proceedings.neurips.cc/paper/2020/file/1457c0d6bfcb4967418bfb8ac142f64a-Paper.pdf},
% 	volume = {33},
% 	year = {2020},
% 	Bdsk-Url-1 = {https://proceedings.neurips.cc/paper/2020/file/1457c0d6bfcb4967418bfb8ac142f64a-Paper.pdf}}

% end of yp2201 
% ================================================
